@misc{Vivid,
  title = {Vivid Synth},
  howpublished = {\url{vivid-synth.org}},
  author = {Murphy, Tom E.},
  note = {Accessed: 2018-01-01}
}
