@article{fingerprinting,
  title={Content-based music information retrieval: Current directions and future challenges},
  author={Casey, Michael A and Veltkamp, Remco and Goto, Masataka and Leman, Marc and Rhodes, Christophe and Slaney, Malcolm},
  journal={Proceedings of the IEEE},
  volume={96},
  number={4},
  year={2008},
  publisher={IEEE}
}


@inproceedings{wang2003industrial,
  title={An Industrial Strength Audio Search Algorithm.},
  author={Wang, Avery},
  year = {2003},
  series = {ISMIR} 
}


@article{frechet1906quelques,
  title={Sur quelques points du calcul fonctionnel},
  author={Fr{\'e}chet, M Maurice},
  journal={Rendiconti del Circolo Matematico di Palermo (1884-1940)},
  volume={22},
  number={1},
  pages={1--72},
  year={1906},
  publisher={Springer}
}

@inproceedings{carabias2015audio,
  title={An Audio to Score Alignment Framework Using Spectral Factorization and Dynamic Time Warping.},
  author={Carabias-Orti, Julio Jos{\'e} and Rodr{\'\i}guez-Serrano, Francisco J and Vera-Candeas, Pedro and Ruiz-Reyes, Nicol{\'a}s and Ca{\~n}adas-Quesada, Francisco J},
  booktitle={ISMIR},
  pages={742--748},
  year={2015}
}

@inproceedings{Feng2018,
 author = {Feng, Yu and Martins, Ruben and Bastani, Osbert and Dillig, Isil},
 title = {Program Synthesis Using Conflict-driven Learning},
 booktitle = {Proceedings of the 39th ACM SIGPLAN Conference on Programming Language Design and Implementation},
 series = {PLDI 2018},
 year = {2018},
 isbn = {978-1-4503-5698-5},
 location = {Philadelphia, PA, USA},
 pages = {420--435},
 numpages = {16},
 url = {http://doi.acm.org/10.1145/3192366.3192382},
 doi = {10.1145/3192366.3192382},
 acmid = {3192382},
 publisher = {ACM},
 address = {New York, NY, USA},
 keywords = {automated reasoning, conflict-driven learning, program synthesis},
}
 

@inproceedings{SantolucitoFARM,
 author = {Santolucito, Mark and Rogers, Kate and Lombardo, Aedan and Piskac, Ruzica},
 title = {Programming-by-example for Audio: Synthesizing Digital Signal Processing Programs},
 booktitle = {Proceedings of the 6th ACM SIGPLAN International Workshop on Functional Art, Music, Modeling, and Design},
 series = {FARM 2018},
 year = {2018},
 isbn = {978-1-4503-5856-9},
 location = {St. Louis, MO, USA},
 pages = {18--25},
 numpages = {8},
 url = {http://doi.acm.org/10.1145/3242903.3242906},
 doi = {10.1145/3242903.3242906},
 acmid = {3242906},
 publisher = {ACM},
 address = {New York, NY, USA},
 keywords = {Computer Music},
} 

@inproceedings{raychev2016learning,
  title={Learning programs from noisy data},
  author={Raychev, Veselin and Bielik, Pavol and Vechev, Martin and Krause, Andreas},
  booktitle={ACM SIGPLAN Notices},
  volume={51},
  number={1},
  pages={761--774},
  year={2016},
  organization={ACM}
}

@article{hopcroft1969equivalence,
  title={On the equivalence and containment problems for context-free languages},
  author={Hopcroft, John E.},
  journal={Mathematical systems theory},
  volume={3},
  number={2},
  pages={119--124},
  year={1969},
  publisher={Springer}
}

@inproceedings{devlin2017robustfill,
  title={RobustFill: Neural Program Learning under Noisy I/O},
  author={Jacob Devlin and Jonathan Uesato and Surya Bhupatiraju and Rishabh Singh and Abdel-rahman Mohamed and Pushmeet Kohli},
  booktitle={ICML},
  year={2017}
}

@book{bishop1980tensor,
  title={Tensor Analysis on Manifolds},
  author={Bishop, R.L. and Goldberg, S.I.},
  isbn={9780486640396},
  lccn={80066959},
  series={Dover Books on Mathematics},
  url={https://books.google.com/books?id=LAuN5-og4jwC},
  year={1980},
  publisher={Dover Publications}
}

@inproceedings{misailovic2011probabilistically,
  title={Probabilistically accurate program transformations},
  author={Misailovic, Sasa and Roy, Daniel M and Rinard, Martin C},
  booktitle={International Static Analysis Symposium},
  pages={316--333},
  year={2011},
  organization={Springer}
}

@inproceedings{zhu2012randomized,
  title={Randomized accuracy-aware program transformations for efficient approximate computations},
  author={Zhu, Zeyuan Allen and Misailovic, Sasa and Kelner, Jonathan A and Rinard, Martin},
  booktitle={ACM SIGPLAN Notices},
  volume={47},
  number={1},
  pages={441--454},
  year={2012},
  organization={ACM}
}

@inproceedings{vazou2014refinement,
  title={Refinement types for Haskell},
  author={Vazou, Niki and Seidel, Eric L and Jhala, Ranjit and Vytiniotis, Dimitrios and Peyton-Jones, Simon},
  booktitle={ACM SIGPLAN Notices},
  volume={49},
  number={9},
  pages={269--282},
  year={2014},
  organization={ACM}
}
