@misc{Vivid,
  title = {Vivid Synth},
  howpublished = {\url{vivid-synth.org}},
  author = {Murphy, Tom E.},
  year = {2018},
  note = {Accessed: 2018-01-01}
}

@article{sygus2017,
  author    = {Rajeev Alur and
               Dana Fisman and
               Rishabh Singh and
               Armando Solar{-}Lezama},
  title     = {SyGuS-Comp 2017: Results and Analysis},
  journal   = {CoRR},
  volume    = {abs/1711.11438},
  year      = {2017},
  url       = {http://arxiv.org/abs/1711.11438},
  archivePrefix = {arXiv},
  eprint    = {1711.11438},
  timestamp = {Mon, 04 Dec 2017 18:34:59 +0100},
  biburl    = {http://dblp.org/rec/bib/journals/corr/abs-1711-11438},
  bibsource = {dblp computer science bibliography, http://dblp.org}
}

@article{sygus2014,
  author = {Alur, R. and Bodik, R and Dallal, E. and Fisman, D and Garg, P. and Juniwal, G. and Kress-Gazit, H. and Madusudan, P. and Martin, M. and Raghothman, M. and Saha, S. and Seshia, S. and Singh, R. and Solar-Lezama, A. and Torlak, E. and Udupa, E.},
  title = {Syntax-Guided Synthesis},
  journal = {Dependable Software Systems Engineering, NATO Science for Peace and Security Series},
  year = {2014},
  url = {http://sygus.seas.upenn.edu/files/sygus_extended.pdf},
  note = {Avaible at \url{http://sygus.seas.upenn.edu/files/sygus_extended.pdf}}
}
  

@inproceedings{Gulwani2011,
 author = {Gulwani, Sumit},
 title = {Automating String Processing in Spreadsheets Using Input-output Examples},
 booktitle = {Proceedings of the 38th Annual ACM SIGPLAN-SIGACT Symposium on Principles of Programming Languages},
 series = {POPL '11},
 year = {2011},
 isbn = {978-1-4503-0490-0},
 location = {Austin, Texas, USA},
 pages = {317--330},
 numpages = {14},
 url = {http://doi.acm.org/10.1145/1926385.1926423},
 doi = {10.1145/1926385.1926423},
 acmid = {1926423},
 publisher = {ACM},
 address = {New York, NY, USA},
 keywords = {program synthesis, programming by example (pbe), spreadsheet programming, string manipulation, user intent, version space algebra},
}  
