@book{bishop1980tensor,
  title={Tensor Analysis on Manifolds},
  author={Bishop, R.L. and Goldberg, S.I.},
  isbn={9780486640396},
  lccn={80066959},
  series={Dover Books on Mathematics},
  url={https://books.google.com/books?id=LAuN5-og4jwC},
  year={1980},
  publisher={Dover Publications}
}

